
%%%%%%%%%%%%%%%%%%%%%%%%%%%%%%%%%%%%%%
% 
%%%%%%%%%%%%%%%%%%%%%%%%%%%%%%%%%%%%%%
@book{Fan1996,
   author = {Fan, Jianqing and Gijbels, I.},
   title = {Local polynomial modelling and its applications},
   publisher = {Chapman & Hall},
   address = {London},
   year = {1996},
   type = {Book}
}
%%%%%%%%%%%%%%%%%%%%%%%%%%%%%%%%%%%%%%
% Alans oroginal paper
%%%%%%%%%%%%%%%%%%%%%%%%%%%%%%%%%%%%%%
@article{Huang2014,
   author = {Huang, Alan},
   title = {Joint estimation of the mean and error distribution in generalized linear models},
   journal = {Journal of the American Statistical Association},
   volume = {109},
   number = {505},
   pages = {186-196},
   year = {2014},
   type = {Journal Article}
}

%%%%%%%%%%%%%%%%%%%%%%%%%%%%%%%%%%%%%%
% Alans vector regression paper
%%%%%%%%%%%%%%%%%%%%%%%%%%%%%%%%%%%%%%
@article{Huang2017,
   author = {Huang, Alan},
   title = {On generalised estimating equations for vector regression},
   journal = {Australian & New Zealand Journal of Statistics},
   volume = {59},
   number = {2},
   pages = {195-213},
   year = {2017},
   type = {Journal Article}
}

%%%%%%%%%%%%%%%%%%%%%%%%%%%%%%%%%%%%%%
% Alans older model
%%%%%%%%%%%%%%%%%%%%%%%%%%%%%%%%%%%%%%
@article{Huang2012,
   author = {Huang, Alan and Rathouz, Paul},
   title = {Proportional likelihood ratio models for mean regression},
   journal = {Biometrika},
   volume = {99},
   number = {1},
   pages = {223-229},
   year = {2012},
   type = {Journal Article}
}

%%%%%%%%%%%%%%%%%%%%%%%%%%%%%%%%%%%%%%
% Orthogonality proof
%%%%%%%%%%%%%%%%%%%%%%%%%%%%%%%%%%%%%%
@article{HuangRathouz2017,
   author = {Huang, Alan and Rathouz, Paul},
   title = {Orthogonality of the mean and error distribution in generalized linear models},
   journal = {Communications in Statistics-Theory and Methods},
   volume = {46},
   number = {7},
   pages = {3290-3296},
   year = {2017},
   type = {Journal Article}
}

%%%%%%%%%%%%%%%%%%%%%%%%%%%%%%%%%%%%%%
% Butterfly data
%%%%%%%%%%%%%%%%%%%%%%%%%%%%%%%%%%%%%%
@article{Hui2013,
   author = {Hui, Francis K. and Warton, David I. and Foster, Scott D. and Dunstan, Piers K.},
   title = {To mix or not to mix: comparing the predictive performance of mixture models vs. separate species distribution models},
   journal = {Ecology},
   volume = {94},
   number = {9},
   pages = {1913-1919},
   year = {2013},
   type = {Journal Article}
}


@article{Liang1986,
   author = {Liang, Kung-Yee and Zeger, Scott L.},
   title = {Longitudinal data analysis using generalized linear models},
   journal = {Biometrika},
   volume = {73},
   number = {1},
   pages = {13-22},
   year = {1986},
   type = {Journal Article}
}

@article{Scott2018,
   author = {Marchese, Scott and Diao, Guoqing},
   title = {Joint regression analysis of mixed-type outcome data via efficient scores},
   journal = {Computational statistics & data analysis},
   volume = {125},
   pages = {156-170},
   year = {2018},
   type = {Journal Article}
}

@book{McCullaghNelder1989,
   author = {McCullagh, Peter and Nelder, John A.},
   title = {Generalized Linear Models},
   publisher = {CRC Press},
   volume = {37},
   year = {1989},
   type = {Book}
}



@book{Owen2001,
   author = {Owen, Art B.},
   title = {Empirical likelihood},
   publisher = {CRC press},
   year = {2001},
   type = {Book}
}

@article{Rathouz2009,
   author = {Rathouz, Paul J. and Gao, Liping},
   title = {Generalized linear models with unspecified reference distribution},
   journal = {Biostatistics},
   volume = {10},
   number = {2},
   pages = {205-218},
   year = {2009},
   type = {Journal Article}
}

@book{Song2007,
   author = {Song, Peter X.},
   title = {Correlated data analysis: modeling, analytics, and applications},
   publisher = {Springer Science & Business Media},
   year = {2007},
   type = {Book}
}

@book{Yee2015,
   author = {Yee, Thomas W.},
   title = {Vector generalized linear and additive models: with an implementation in R},
   publisher = {Springer},
   year = {2015},
   type = {Book}
}

@article{Wedderburn1974,
   author = {Wedderburn, R. W.},
   title = {Quasi-Likelihood Functions, Generalized Linear Models, and the Gauss-Newton Method},
   journal = {Biometrika},
   volume = {61},
   number = {3},
   pages = {439-447},
   year = {1974},
   type = {Journal Article}
}


@book{Gałecki2013,
   author = {Gałecki, Andrzej and Burzykowski, Tomasz},
   title = {Linear Mixed-Effects Models Using R A Step-by-Step Approach},
   publisher = {Springer New York},
   address = {New York, NY},
   edition = {1st ed. 2013.},
   year = {2013},
   type = {Book}
}



@article{Xiaodong2012,
   author = {Luo, Xiadong, and  Tsai, Wei Yann},
   title = {A proportional likelihood ratio model},
   journal = {Biometrika},
   volume = {99},
   number = {1},
   pages = {211-222},
   year = {2012},
   type = {Journal Article}
}


@phdthesis{Marchese2018,
   author = {Marchese, Scott},
   title = {Semiparametric Regression Methods for Mixed Type Data Analysis},
   university = {George Mason University},
   year = {2018},
   type = {Thesis}
}

@article{Wurm2018,
   author = {Wurm, Michael J. and Rathouz, Paul J.},
   title = {Semiparametric Generalized Linear Models with the gldrm Package},
   journal = {The R journal},
   volume = {10},
   number = {1},
   pages = {288},
   year = {2018},
   type = {Journal Article}
}

@book{Kroese2014,
   author = {Kroese, Dirk P. and Chan, Joshua CC.},
   title = {Statistical modeling and computation},
   publisher = {Springer},
   year = {2014},
   type = {Book}
}
@article{Murphy2000,
   author = {Murphy, S. A. and Van Der Vaart, A. W.},
   title = {On Profile Likelihood},
   journal = {Journal of the American Statistical Association},
   volume = {95},
   pages = {449-465},
   year = {2000},
   type = {Journal Article}
}


%%%%%%%%%%%%%%%%%%%%%%%%%%%%%%%%%%%%%%
% Crossover trials original data set
%%%%%%%%%%%%%%%%%%%%%%%%%%%%%%%%%%%%%%
@book{JonesKenward2003,
   author = {Jones, Byron and Kenward, Michael G.},
   title = {Design and analysis of cross-over trials},
   publisher = {Chapman & Hall/CRC},
   address = {Boca Raton, Fla.},
   edition = {2nd ed.},
   keywords = {Crossover trials},
   year = {2003},
   type = {Book}
}


%%%%%%%%%%%%%%%%%%%%%%%%%%%%%%%%%%%%%%
% Sorbinal trial data
%%%%%%%%%%%%%%%%%%%%%%%%%%%%%%%%%%%%%%
@article{Rosner2006,
   author = {Rosner, Bernard and Glynn, Robert J and Lee, Mei‐Ling T},
   title = {Extension of the rank sum test for clustered data: Two‐group comparisons with group membership defined at the subunit level},
   journal = {Biometrics},
   volume = {62},
   number = {4},
   pages = {1251-1259},
   year = {2006},
   type = {Journal Article}
}

%%%%%%%%%%%%%%%%%%%%%%%%%%%%%%%%%%%%%%
% Multivariate-Conway-Maxwell Poisson 
%%%%%%%%%%%%%%%%%%%%%%%%%%%%%%%%%%%%%%
@article{2021Sellers,
   author = {Sellers, Kimberly F and Li, Tong and Wu, Yixuan and Balakrishnan, Narayanaswamy},
   title = {A Flexible Multivariate Distribution for Correlated Count Data},
   journal = {Stats},
   volume = {4},
   number = {2},
   pages = {308-326},
   year = {2021},
   type = {Journal Article}
}


%%%%%%%%%%%%%%%%%%%%%%%%%%%%%%%%%%%%%%
% The QL regression models generally yield consistent
% estimators for regression parameters under correct specification of the mean model, without requiring
% knowledge of the full distribution of the response variable (Crowder, 1986) From Rathouz 2009
%%%%%%%%%%%%%%%%%%%%%%%%%%%%%%%%%%%%%%
@article{Crowder1986,
   author = {Crowder, Martin},
   title = {On Consistency and Inconsistency of Estimating Equations},
   journal = {Econometric Theory},
   volume = {2},
   number = {3},
   pages = {305-330},
   year = {1986},
   type = {Journal Article}
}

%%%%%%%%%%%%%%%%%%%%%%%%%%%%%%
% Empirical Likelihood Confidence Regions
%%%%%%%%%%%%%%%%%%%%%%%%%%%%%%
@article{Owen1990,
   author = {Art, Owen},
   title = {Empirical Likelihood Ratio Confidence Regions},
   journal = {The Annals of statistics},
   volume = {18},
   number = {1},
   pages = {90-120},
   year = {1990},
   type = {Journal Article}
}

@article{2002DewanjiZhao,
   author = {Dewanji,Anup and Zhao, Lue Ping},
   title = {An Optimal Estimating Equation with Unspecified Variances},
   journal = {Sankhya. Series A},
   volume = {64},
   number = {1},
   pages = {95-108},
   year = {2002},
   type = {Journal Article}
}

%%%%%%%%%%%%%%%%%%%%%%%%%%%%%%%%%%%%%5
% Vardi Estimator
%%%%%%%%%%%%%%%%%%%%%%%%%%%%%%%%%%%%%%
@article{GillVardiWellner1988,
   author = {Gill, Richard D. and Vardi, Yehuda and Wellner, Jon A.},
   title = {Large Sample Theory of Empirical Distributions in Biased Sampling Models},
   journal = {The Annals of statistics},
   volume = {16},
   number = {3},
   pages = {1069-1112},
   year = {1988},
   type = {Journal Article}
}


%%%%%%%%%%%%%%%%%%%%%%%%%%%%%%%%%%%%%%%%%%%%%%%%%%%%%%%
% Keith Knight
%%%%%%%%%%%%%%%%%%%%%%%%%%%%%%%%%%%%%%%%%%%%%%%%%%%%%%%
@book{Knight1999, 
   author = {Knight, Keith},
   title = {Mathematical Statistics},
   publisher = {Chapman & Hall/CRC},
   address = {Boca Raton, Fla.},
   year = {1999},
   type = {Book}
}

%%%%%%%%%%%%%%%%%%%%%%%%%%%%%%%%%%%%%%%%%%%%%%%%%%%%%%%%%%%%
% Exponential tilting definition 
%%%%%%%%%%%%%%%%%%%%%%%%%%%%%%%%%%%%%%%%%%%%%%%%%%%%%%%%%%%%
@book{2007Butler,
   author = {Butler, Ronald W.},
   title = {Saddlepoint approximations with applications},
   publisher = {Cambridge University Press},
   address = {Cambridge},
   year = {2007},
   type = {Book}
}


%%%%%%%%%%%%%%%%%%%%%%%%%%%%%%%%%%%%%%%%%%%%%%%%%%%%%%%%%%%
% Multivariate Binomial and Poisson Distribution 
%%%%%%%%%%%%%%%%%%%%%%%%%%%%%%%%%%%%%%%%%%%%%%%%%%%%%%%%%%%
@article{Krishnamoorthy1951,
   author = {Krishnamoorthy, A.S.},
   title = {Multivariate binomial and Poisson distributions},
   journal = {Sankhyā: the Indian Journal of Statistics},
   pages = {117-124},
   year = {1951},
   type = {Journal Article}
}

%%%%%%%%%%%%%%%%%%%%%%%%%%%%%%%%%%%%%%%
% QEM Model
%%%%%%%%%%%%%%%%%%%%%%%%%%%%%%%%%%%%%%
@article{PrenticeZhao1991,
   author = {Prentice, R. L. and Zhao, Lue Ping},
   title = {Estimating Equations for Parameters in Means and Covariances of Multivariate Discrete and Continuous Responses},
   journal = {Biometrics},
   volume = {47},
   number = {3},
   pages = {825-839},
   year = {1991},
   type = {Journal Article}
}

%%%%%%%%%%%%%%%%%%%%%%%%%%%%%%%%%%%%%%%%%
% Multivariate Poisson Regression
%%%%%%%%%%%%%%%%%%%%%%%%%%%%%%%%%%%%%%%%%%5
@article{Mahamunulu1967,
   author = {Mahamunulu, D. M.},
   title = {A Note on Regression in the Multivariate Poisson Distribution},
   journal = {Journal of the American Statistical Association},
   volume = {62},
   number = {317},
   pages = {251-258},
   year = {1967},
   type = {Journal Article}
}

%%%%%%%%%%%%%%%%%%%%%%%%%%%%%%%%%%%%%%%%%%%%%5
% Sandwhich Estimator Poor Performance 
%%%%%%%%%%%%%%%%%%%%%%%%%%%%%%%%%%%%%%%%%%%%%%
@article{KauermannCarrol2001,
   author = {Kauermann, Göran and Carroll, Raymond J.},
   title = {A Note on the Efficiency of Sandwich Covariance Matrix Estimation},
   journal = {Journal of the American Statistical Association},
   volume = {96},
   number = {456},
   pages = {1387-1396},
   year = {2001},
   type = {Journal Article}
}

% Original Butterfly Paper
@article{2006Oliver,
   author = {Oliver, J. C. and Prudic, K. L. and Collinge, S. K.},
   title = {Boulder County Open Space Butterfly Diversity and Abundance: "Ecological Archives" E087-061},
   journal = {Ecology (Durham)},
   volume = {87},
   number = {4},
   pages = {1066},
   year = {2006},
   type = {Journal Article}
}

%%%%%%%%%%%%%%%%%%%%%%%%%%%%%%%%%
% Analysis of Cross Over
%%%%%%%%%%%%%%%%%%%%%%%%%%%%%%%%%%
@book{Diggle2013,
   author = {Diggle, Peter},
   title = {Analysis of longitudinal data},
   publisher = {Oxford University Press},
   address = {Oxford},
   edition = {2nd ed.},
   year = {2013},
   type = {Book}
}


%%%%%%%%%%%%%%%%%%%%%%%%%%%%%%%%%%%%%%%%%%%%%%%%%%
% Supplementary material lemma
%%%%%%%%%%%%%%%%%%%%%%%%%%%%%%%%%%%%%%%%%%%%%%%%%%
@book{WellnerVanDerVaart1996,
   author = {Van Der Vaart, A. W. and Wellner, J. A.},
   title = {Weak Convergence and Empirical Processes With Applications to Statistics},
   publisher = {Springer New York},
   address = {New York, NY},
   edition = {1st ed. 1996.},
   year = {1996},
   type = {Book}
}

%%%%%%%%%%%%%%%%%%%%%%%%%%%%%%%%%%
% Empirical LIkelihood Convergence
%%%%%%%%%%%%%%%%%%%%%%%%%%%%%%%%%%5
@article{Diciccio1991,
   author = {Diciccio, T. and Hall, P. and Romano, J.},
   title = {Empirical Likelihood is Bartlett-Correctable},
   journal = {The Annals of statistics},
   volume = {19},
   number = {2},
   pages = {1053-1061},
   year = {1991},
   type = {Journal Article}
}
































